% ------------------------------------------------------------------------
% SAMPLE BIBLIOGRAPHY FILE
% ------------------------------------------------------------------------
@article{han2007frequent,
  title={Frequent pattern mining: current status and future directions},
  author={Han, Jiawei and Cheng, Hong and Xin, Dong and Yan, Xifeng},
  journal={Data Mining and Knowledge Discovery},
  volume={15},
  number={1},
  pages={55--86},
  year={2007},
  publisher={Springer}
}

@inproceedings{chen2014pattern,
  title={Pattern Mining for Predicting Critical Events from Sequential Event Data Log.},
  author={Chen, Jun and Kumar, Ratnesh},
  booktitle={WODES},
  pages={1--6},
  year={2014}
}

@inproceedings{vaarandi2015logcluster,
  title={LogCluster-A Data Clustering and Pattern Mining Algorithm for Event Logs},
  author={Vaarandi, Risto and Pihelgas, Mauno},
  booktitle={Network and Service Management (CNSM), 2015 11th International Conference on},
  pages={1--7},
  year={2015},
  organization={IEEE}
}

@article{priyadharshini2016analysis,
  title={Analysis of Process Mining Model for Software Reliability Dataset using HMM},
  author={Priyadharshini, V and Malathi, A},
  journal={Indian Journal of Science and Technology},
  volume={9},
  number={4},
  year={2016}
}

@article{sureka2015kernel,
  title={Kernel Based Sequential Data Anomaly Detection in Business Process Event Logs},
  author={Sureka, Ashish},
  journal={arXiv preprint arXiv:1507.01168},
  year={2015}
}

@inproceedings{mannila1995discovering,
  title={Discovering frequent episodes in sequences Extended abstract},
  author={Mannila, Heikki and Toivonen, Hannu and Verkamo, A Inkeri},
  booktitle={Proceedings the first Conference on Knowledge Discovery and Data Mining},
  pages={210--215},
  year={1995}
}

@article{slimani2013sequential,
  title={Sequential mining: Patterns and algorithms analysis},
  author={Slimani, Thabet and Lazzez, Amor},
  journal={arXiv preprint arXiv:1311.0350},
  year={2013}
}

@article{zhao2003sequential,
  title={Sequential pattern mining: A survey},
  author={Zhao, Qiankun and Bhowmick, Sourav S},
  journal={ITechnical Report CAIS Nayang Technological University Singapore},
  pages={1--26},
  year={2003}
}

@inproceedings{zimmermann2012generating,
  title={Generating diverse realistic data sets for episode mining},
  author={Zimmermann, Armin},
  booktitle={Data Mining Workshops (ICDMW), 2012 IEEE 12th International Conference on},
  pages={611--618},
  year={2012},
  organization={IEEE}
}

@article{lin2015fast,
  title={A fast and distributed algorithm for mining frequent patterns in congested networks},
  author={Lin, Kawuu W and Chung, Sheng-Hao and Lin, Chun-Cheng},
  journal={Computing},
  pages={1--22},
  year={2015},
  publisher={Springer}
}

@inproceedings{motwani2003query,
  title={Query processing, resource management, and approximation in a data stream management system},
  author={Motwani, Rajeev and Widom, Jennifer and Arasu, Arvind and Babcock, Brian and Babu, Shivnath and Datar, Mayur and Manku, Gurmeet and Olston, Chris and Rosenstein, Justin and Varma, Rohit},
  year={2003},
  organization={CIDR}
}

@inproceedings{apte1994predicting,
  title={Predicting Equity Returns from Securities Data with Minimal Rule Generation.},
  author={Apte, Chidanand and Hong, Se June},
  booktitle={KDD Workshop},
  pages={407--418},
  year={1994}
}

@inproceedings{ma1998integrating,
  title={Integrating classification and association rule mining},
  author={Ma, Bing Liu Wynne Hsu Yiming},
  booktitle={Proceedings of the fourth international conference on knowledge discovery and data mining},
  year={1998}
}

@misc{kotsiantis2007supervised,
  title={Supervised machine learning: A review of classification techniques},
  author={Kotsiantis, Sotiris B and Zaharakis, I and Pintelas, P},
  year={2007}
}

@incollection{dietterich2000ensemble,
  title={Ensemble methods in machine learning},
  author={Dietterich, Thomas G},
  booktitle={Multiple classifier systems},
  pages={1--15},
  year={2000},
  publisher={Springer}
}

@article{liaw2002classification,
  title={Classification and regression by randomForest},
  author={Liaw, Andy and Wiener, Matthew},
  journal={R news},
  volume={2},
  number={3},
  pages={18--22},
  year={2002}
}

@article{connor1994recurrent,
  title={Recurrent neural networks and robust time series prediction},
  author={Connor, Jerome T and Martin, R Douglas and Atlas, Les E},
  journal={Neural Networks, IEEE Transactions on},
  volume={5},
  number={2},
  pages={240--254},
  year={1994},
  publisher={IEEE}
}

@article{martinetz1993neural,
  title={Neural-gas' network for vector quantization and its application to time-series prediction},
  author={Martinetz, Thomas M and Berkovich, Stanislav G and Schulten, Klaus J},
  journal={Neural Networks, IEEE Transactions on},
  volume={4},
  number={4},
  pages={558--569},
  year={1993},
  publisher={IEEE}
}

@article{van2001financial,
  title={Financial time series prediction using least squares support vector machines within the evidence framework},
  author={Van Gestel, Tony and Suykens, Johan AK and Baestaens, Dirk-Emma and Lambrechts, Annemie and Lanckriet, Gert and Vandaele, Bruno and De Moor, Bart and Vandewalle, Joos},
  journal={Neural Networks, IEEE Transactions on},
  volume={12},
  number={4},
  pages={809--821},
  year={2001},
  publisher={IEEE}
}

@article{zhang2009stock,
  title={Stock market prediction of S\&P 500 via combination of improved BCO approach and BP neural network},
  author={Zhang, Yudong and Wu, Lenan},
  journal={Expert systems with applications},
  volume={36},
  number={5},
  pages={8849--8854},
  year={2009},
  publisher={Elsevier}
}

@article{kayacan2010grey,
  title={Grey system theory-based models in time series prediction},
  author={Kayacan, Erdal and Ulutas, Baris and Kaynak, Okyay},
  journal={Expert systems with applications},
  volume={37},
  number={2},
  pages={1784--1789},
  year={2010},
  publisher={Elsevier}
}

@inproceedings{kumar2006forecasting,
  title={Forecasting stock index movement: A comparison of support vector machines and random forest},
  author={Kumar, Manish and Thenmozhi, M},
  booktitle={Indian Institute of Capital Markets 9th Capital Markets Conference Paper},
  year={2006}
}

@article{mahfoud1996financial,
  title={Financial forecasting using genetic algorithms},
  author={Mahfoud, Sam and Mani, Ganesh},
  journal={Applied Artificial Intelligence},
  volume={10},
  number={6},
  pages={543--566},
  year={1996},
  publisher={Taylor \& Francis}
}

@article{atsalakis2009surveying,
  title={Surveying stock market forecasting techniques--Part II: Soft computing methods},
  author={Atsalakis, George S and Valavanis, Kimon P},
  journal={Expert Systems with Applications},
  volume={36},
  number={3},
  pages={5932--5941},
  year={2009},
  publisher={Elsevier}
}

%----------------------------------------------Data Stream Processing/Mining

@article{gaber2005mining,
  title={Mining data streams: a review},
  author={Gaber, Mohamed Medhat and Zaslavsky, Arkady and Krishnaswamy, Shonali},
  journal={ACM Sigmod Record},
  volume={34},
  number={2},
  pages={18--26},
  year={2005},
  publisher={ACM}
}

@inproceedings{papadimitriou2003adaptive,
  title={Adaptive, hands-off stream mining},
  author={Papadimitriou, Spiros and Brockwell, Anthony and Faloutsos, Christos},
  booktitle={Proceedings of the 29th international conference on Very large data bases-Volume 29},
  pages={560--571},
  year={2003},
  organization={VLDB Endowment}
}

@article{giannella2003mining,
  title={Mining frequent patterns in data streams at multiple time granularities},
  author={Giannella, Chris and Han, Jiawei and Pei, Jian and Yan, Xifeng and Yu, Philip S},
  journal={Next generation data mining},
  volume={212},
  pages={191--212},
  year={2003},
  publisher={AAAI/MIT}
}

@inproceedings{manku2002approximate,
  title={Approximate frequency counts over data streams},
  author={Manku, Gurmeet Singh and Motwani, Rajeev},
  booktitle={Proceedings of the 28th international conference on Very Large Data Bases},
  pages={346--357},
  year={2002},
  organization={VLDB Endowment}
}

@article{ashrafi2004odam,
  title={ODAM: An optimized distributed association rule mining algorithm},
  author={Ashrafi, Mafruz Zaman and Taniar, David and Smith, Kate},
  journal={IEEE distributed systems online},
  number={3},
  pages={1},
  year={2004},
  publisher={IEEE}
}

@incollection{januzaj2004dbdc,
  title={DBDC: Density based distributed clustering},
  author={Januzaj, Eshref and Kriegel, Hans-Peter and Pfeifle, Martin},
  booktitle={Advances in Database Technology-EDBT 2004},
  pages={88--105},
  year={2004},
  publisher={Springer}
}

@inproceedings{lazarevic2001distributed,
  title={The distributed boosting algorithm},
  author={Lazarevic, Aleksandar and Obradovic, Zoran},
  booktitle={Proceedings of the seventh ACM SIGKDD international conference on Knowledge discovery and data mining},
  pages={311--316},
  year={2001},
  organization={ACM}
}

%----------------------------Event processing-------------------------------------------

@article{eckert2009complex,
  title={Complex event processing (CEP)},
  author={Eckert, Michael and Bry, Fran{\c{c}}ois},
  journal={Informatik-Spektrum},
  volume={32},
  number={2},
  pages={163--167},
  year={2009},
  publisher={Springer}
}

@inproceedings{wu2006high,
  title={High-performance complex event processing over streams},
  author={Wu, Eugene and Diao, Yanlei and Rizvi, Shariq},
  booktitle={Proceedings of the 2006 ACM SIGMOD international conference on Management of data},
  pages={407--418},
  year={2006},
  organization={ACM}
}

@article{chakravarthy1994snoop,
  title={Snoop: An expressive event specification language for active databases},
  author={Chakravarthy, Sharma and Mishra, Deepak},
  journal={Data \& Knowledge Engineering},
  volume={14},
  number={1},
  pages={1--26},
  year={1994},
  publisher={Elsevier}
}

@article{bettini1998mining,
  title={Mining temporal relationships with multiple granularities in time sequences},
  author={Bettini, Claudio and Wang, Xiaoyang Sean and Jajodia, Sushil},
  journal={IEEE Data Eng. Bull.},
  volume={21},
  number={1},
  pages={32--38},
  year={1998}
}

@incollection{hasan2015probabilistic,
  title={Probabilistic event pattern discovery},
  author={Hasan, Ahmad and Teymourian, Kia and Paschke, Adrian},
  booktitle={Rule Technologies: Foundations, Tools, and Applications},
  pages={241--257},
  year={2015},
  publisher={Springer}
}

@article{luckham2011epts,
  title={EPTS Event Processing Glossary v2. 0},
  author={Luckham, D and Schulte, R},
  journal={Event Processing Technical Society},
  year={2011}
}

@inproceedings{laxman2007fast,
  title={A fast algorithm for finding frequent episodes in event streams},
  author={Laxman, Srivatsan and Sastry, PS and Unnikrishnan, KP},
  booktitle={Proceedings of the 13th ACM SIGKDD international conference on Knowledge discovery and data mining},
  pages={410--419},
  year={2007},
  organization={ACM}
}

@phdthesis{laxman2006discovering,
  title={Discovering frequent episodes: fast algorithms, connections with HMMs and generalizations},
  author={Laxman, Srivatsan},
  year={2006},
  school={Indian Institute of Science Bangalore}
}

@article{mannila1997discovery,
  title={Discovery of frequent episodes in event sequences},
  author={Mannila, Heikki and Toivonen, Hannu and Verkamo, A Inkeri},
  journal={Data mining and knowledge discovery},
  volume={1},
  number={3},
  pages={259--289},
  year={1997},
  publisher={Springer}
}

@inproceedings{bathoorn2007finding,
  title={Finding composite episodes},
  author={Bathoorn, Ronnie and Siebes, Arno},
  booktitle={International Workshop on Mining Complex Data},
  pages={157--168},
  year={2007},
  organization={Springer}
}

@inproceedings{baumgarten2003tree,
  title={Tree Growth Based Episode Mining without Candidate Generation.},
  author={Baumgarten, Matthias and B{\"u}chner, Alex G and Hughes, John G},
  booktitle={IC-AI},
  pages={108--114},
  year={2003}
}

@inproceedings{agrawal1994fast,
  title={Fast algorithms for mining association rules},
  author={Agrawal, Rakesh and Srikant, Ramakrishnan and others},
  booktitle={Proc. 20th int. conf. very large data bases, VLDB},
  volume={1215},
  pages={487--499},
  year={1994}
}

@inproceedings{babcock2003load,
  title={Load shedding techniques for data stream systems},
  author={Babcock, Brian and Datar, Mayur and Motwani, Rajeev and others},
  booktitle={Proc. Workshop on Management and Processing of Data Streams},
  year={2003},
  organization={Citeseer}
}

@inproceedings{babcock2002models,
  title={Models and issues in data stream systems},
  author={Babcock, Brian and Babu, Shivnath and Datar, Mayur and Motwani, Rajeev and Widom, Jennifer},
  booktitle={Proceedings of the twenty-first ACM SIGMOD-SIGACT-SIGART symposium on Principles of database systems},
  pages={1--16},
  year={2002},
  organization={ACM}
}

@book{gama2010knowledge,
  title={Knowledge discovery from data streams},
  author={Gama, Joao},
  year={2010},
  publisher={CRC Press}
}

@article{zhang2003time,
  title={Time series forecasting using a hybrid ARIMA and neural network model},
  author={Zhang, G Peter},
  journal={Neurocomputing},
  volume={50},
  pages={159--175},
  year={2003},
  publisher={Elsevier}
}

@article{funahashi1989approximate,
  title={On the approximate realization of continuous mappings by neural networks},
  author={Funahashi, Ken-Ichi},
  journal={Neural networks},
  volume={2},
  number={3},
  pages={183--192},
  year={1989},
  publisher={Elsevier}
}

@article{abraham2005artificial,
  title={Artificial neural networks},
  author={Abraham, Ajith},
  journal={handbook of measuring system design},
  year={2005},
  publisher={Wiley Online Library}
}

@article{chang2002real,
  title={Real-time recurrent learning neural network for stream-flow forecasting},
  author={Chang, F and Chang, Li-Chiu and Huang, Hau-Lung and others},
  journal={Hydrological Processes},
  volume={16},
  number={13},
  pages={2577--2588},
  year={2002},
  publisher={Wiley Online Library}
}

@article{frank2001time,
  title={Time series prediction and neural networks},
  author={Frank, Ray J and Davey, Neil and Hunt, Stephen P},
  journal={Journal of intelligent and robotic systems},
  volume={31},
  number={1-3},
  pages={91--103},
  year={2001},
  publisher={Springer}
}

@inproceedings{manku1999random,
  title={Random sampling techniques for space efficient online computation of order statistics of large datasets},
  author={Manku, Gurmeet Singh and Rajagopalan, Sridhar and Lindsay, Bruce G},
  booktitle={ACM SIGMOD Record},
  volume={28},
  number={2},
  pages={251--262},
  year={1999},
  organization={ACM}
}

@inproceedings{zhang2002temporal,
  title={Temporal aggregation over data streams using multiple granularities},
  author={Zhang, Donghui and Gunopulos, Dimitrios and Tsotras, Vassilis J and Seeger, Bernhard},
  booktitle={International Conference on Extending Database Technology},
  pages={646--663},
  year={2002},
  organization={Springer}
}

@inproceedings{aggarwal2003framework,
  title={A framework for clustering evolving data streams},
  author={Aggarwal, Charu C and Han, Jiawei and Wang, Jianyong and Yu, Philip S},
  booktitle={Proceedings of the 29th international conference on Very large data bases-Volume 29},
  pages={81--92},
  year={2003},
  organization={VLDB Endowment}
}

@inproceedings{aggarwal2004framework,
  title={A framework for projected clustering of high dimensional data streams},
  author={Aggarwal, Charu C and Han, Jiawei and Wang, Jianyong and Yu, Philip S},
  booktitle={Proceedings of the Thirtieth international conference on Very large data bases-Volume 30},
  pages={852--863},
  year={2004},
  organization={VLDB Endowment}
}

@inproceedings{guha2000clustering,
  title={Clustering data streams},
  author={Guha, Sudipto and Mishra, Nina and Motwani, Rajeev and O'Callaghan, Liadan},
  booktitle={Foundations of computer science, 2000. proceedings. 41st annual symposium on},
  pages={359--366},
  year={2000},
  organization={IEEE}
}

@inproceedings{domingos2000mining,
  title={Mining high-speed data streams},
  author={Domingos, Pedro and Hulten, Geoff},
  booktitle={Proceedings of the sixth ACM SIGKDD international conference on Knowledge discovery and data mining},
  pages={71--80},
  year={2000},
  organization={ACM}
}

@article{inman2013solar,
  title={Solar forecasting methods for renewable energy integration},
  author={Inman, Rich H and Pedro, Hugo TC and Coimbra, Carlos FM},
  journal={Progress in energy and combustion science},
  volume={39},
  number={6},
  pages={535--576},
  year={2013},
  publisher={Elsevier}
}

@inproceedings{veit2014household,
  title={Household electricity demand forecasting: benchmarking state-of-the-art methods},
  author={Veit, Andreas and Goebel, Christoph and Tidke, Rohit and Doblander, Christoph and Jacobsen, Hans-Arno},
  booktitle={Proceedings of the 5th international conference on Future energy systems},
  pages={233--234},
  year={2014},
  organization={ACM}
}

@article{terasvirta1994specification,
  title={Specification, estimation, and evaluation of smooth transition autoregressive models},
  author={Ter{\"a}svirta, Timo},
  journal={Journal of the american Statistical association},
  volume={89},
  number={425},
  pages={208--218},
  year={1994},
  publisher={Taylor \& Francis}
}

@article{fama1965behavior,
  title={The behavior of stock-market prices},
  author={Fama, Eugene F},
  journal={The journal of Business},
  volume={38},
  number={1},
  pages={34--105},
  year={1965},
  publisher={JSTOR}
}

@inproceedings{agrawal1993mining,
  title={Mining association rules between sets of items in large databases},
  author={Agrawal, Rakesh and Imieli{\'n}ski, Tomasz and Swami, Arun},
  booktitle={Acm sigmod record},
  volume={22},
  number={2},
  pages={207--216},
  year={1993},
  organization={ACM}
}

@inproceedings{tatti2011mining,
  title={Mining closed episodes with simultaneous events},
  author={Tatti, Nikolaj and Cule, Boris},
  booktitle={Proceedings of the 17th ACM SIGKDD international conference on Knowledge discovery and data mining},
  pages={1172--1180},
  year={2011},
  organization={ACM}
}

@inproceedings{zhou2010mining,
  title={Mining closed episodes from event sequences efficiently},
  author={Zhou, Wenzhi and Liu, Hongyan and Cheng, Hong},
  booktitle={Pacific-Asia Conference on Knowledge Discovery and Data Mining},
  pages={310--318},
  year={2010},
  organization={Springer}
}

@inproceedings{wang2003closet+,
  title={Closet+: Searching for the best strategies for mining frequent closed itemsets},
  author={Wang, Jianyong and Han, Jiawei and Pei, Jian},
  booktitle={Proceedings of the ninth ACM SIGKDD international conference on Knowledge discovery and data mining},
  pages={236--245},
  year={2003},
  organization={ACM}
}

@inproceedings{meger2004constraint,
  title={Constraint-based mining of episode rules and optimal window sizes},
  author={M{\'e}ger, Nicolas and Rigotti, Christophe},
  booktitle={European Conference on Principles of Data Mining and Knowledge Discovery},
  pages={313--324},
  year={2004},
  organization={Springer}
}

@inproceedings{wu2013mining,
  title={Mining high utility episodes in complex event sequences},
  author={Wu, Cheng-Wei and Lin, Yu-Feng and Yu, Philip S and Tseng, Vincent S},
  booktitle={Proceedings of the 19th ACM SIGKDD international conference on Knowledge discovery and data mining},
  pages={536--544},
  year={2013},
  organization={ACM}
}

@inproceedings{vreeken2012summarising,
  title={SUMMARISING EVENT SEQUENCES WITH SERIAL EPISODES},
  author={Vreeken, Jilles and Tatti, Nikolaj},
  booktitle={FIFTH WORKSHOP ON INFORMATION THEORETIC METHODS IN SCIENCE AND ENGINEERING},
  pages={82},
  year={2012}
}

@inproceedings{meger2004mining,
  title={Mining episode rules in STULONG dataset},
  author={Meger, Nicolas and Leschi, Claire and Lucas, No{\"e}l and Rigotti, Christophe},
  booktitle={In Proc. of ECML/PKDD’04 Discovery Challenge-A Collaborative Effort in Knowledge Discovery. Prague: Univ. of Economics},
  year={2004},
  organization={Citeseer}
}

@inproceedings{molina2002feature,
  title={Feature selection algorithms: a survey and experimental evaluation},
  author={Molina, Luis Carlos and Belanche, Llu{\'\i}s and Nebot, {\`A}ngela},
  booktitle={Data Mining, 2002. ICDM 2003. Proceedings. 2002 IEEE International Conference on},
  pages={306--313},
  year={2002},
  organization={IEEE}
}

% ------------------------------------------------------------------------
